@inproceedings{Fisc10a,
 author = {Fischmeister, Sebastian and Ba, Yanmeng},
 title = {Sampling-based program execution monitoring},
 booktitle = {Proceedings of the ACM SIGPLAN/SIGBED 2010 conference on Languages, compilers, and tools for embedded systems},
 series = {LCTES '10},
 year = {2010},
 isbn = {978-1-60558-953-4},
 location = {Stockholm, Sweden},
 pages = {133--142},
 numpages = {10},
 url = {http://doi.acm.org/10.1145/1755888.1755908},
 doi = {10.1145/1755888.1755908},
 acmid = {1755908},
 publisher = {ACM},
 address = {New York, NY, USA},
 keywords = {debugging, embedded system, monitoring, sampling, tracing}
} 

